@article{berliner1978chronology,
  title={A chronology of computer chess and its literature},
  author={Berliner, Hans J},
  journal={Artificial Intelligence},
  volume={10},
  number={2},
  pages={201--214},
  year={1978},
  publisher={Elsevier}
}

@article{strogatz2018one,
  title={One giant step for a chess-playing machine},
  author={Strogatz, Steven},
  journal={New York Times},
  pages={1--6},
  year={2018}
}

@article{bagadia2014analyzing,
  title={Analyzing Positional Play in Chess using Machine Learning},
  author={Bagadia, Sameep and Jindal, Pranav and Mundra, Rohit},
  year={2014}
}

@article{muller2002computer,
  title={Computer go},
  author={M{\"u}ller, Martin},
  journal={Artificial Intelligence},
  volume={134},
  number={1-2},
  pages={145--179},
  year={2002},
  publisher={Elsevier}
}

@article{beheim2014strategic,
  title={Strategic social learning and the population dynamics of human behavior: The game of Go},
  author={Beheim, Bret Alexander and Thigpen, Calvin and Mcelreath, Richard},
  journal={Evolution and Human Behavior},
  volume={35},
  number={5},
  pages={351--357},
  year={2014},
  publisher={Elsevier}
}

@misc{chessOpeningStats,
  title={Games played per day on lichess},
  author={Paul556},
  howpublished={\url{https://github.com/Paul566/chessOpeningStats}},
  year={2022},
  note={Date Accessed: 15 November 2022}
}

@mastersthesis{lowie2021big,
  title={How big is the Netflix effect? The Queen's Gambit: The influence of Beth on the increase in chess numbers},
  school={Utrecht University},
  author={Lowie, Floor Lowie},
  year={2021}
}

@article{seirawan1997implications,
  title={The implications of kasparov vs. deep blue},
  author={Seirawan, Yasser and Simon, Herbert A and Munakata, Toshinori},
  journal={Communications of the ACM},
  volume={40},
  number={8},
  pages={21--25},
  year={1997},
  publisher={ACM New York, NY, USA}
}

@misc{earlyComputerChessHistory,
    title={It calculates 1 billion chess moves every second, but it's still not as bright as you},
    author={William Hartston},
    howpublished={\url{https://www.independent.co.uk/news/uk/it-calculates-1-billion-chess-moves-every-second-but-it-s-still-not-as-bright-as-you-1318781.html}},
    year={1996},
    note={Date Accessed: 22 November 2022}
}

@article{shannon1950xxii,
  title={XXII. Programming a computer for playing chess},
  author={Shannon, Claude E},
  journal={The London, Edinburgh, and Dublin Philosophical Magazine and Journal of Science},
  volume={41},
  number={314},
  pages={256--275},
  year={1950},
  publisher={Taylor \& Francis}
}

@article{silver2018general,
  title={A general reinforcement learning algorithm that masters chess, shogi, and Go through self-play},
  author={Silver, David and Hubert, Thomas and Schrittwieser, Julian and Antonoglou, Ioannis and Lai, Matthew and Guez, Arthur and Lanctot, Marc and Sifre, Laurent and Kumaran, Dharshan and Graepel, Thore and others},
  journal={Science},
  volume={362},
  number={6419},
  pages={1140--1144},
  year={2018},
  publisher={American Association for the Advancement of Science}
}

@article{silver2017mastering,
  title={Mastering the game of go without human knowledge},
  author={Silver, David and Schrittwieser, Julian and Simonyan, Karen and Antonoglou, Ioannis and Huang, Aja and Guez, Arthur and Hubert, Thomas and Baker, Lucas and Lai, Matthew and Bolton, Adrian and others},
  journal={nature},
  volume={550},
  number={7676},
  pages={354--359},
  year={2017},
  publisher={Nature Publishing Group}
}

@article{silver2017mastering2,
  title={Mastering chess and shogi by self-play with a general reinforcement learning algorithm},
  author={Silver, David and Hubert, Thomas and Schrittwieser, Julian and Antonoglou, Ioannis and Lai, Matthew and Guez, Arthur and Lanctot, Marc and Sifre, Laurent and Kumaran, Dharshan and Graepel, Thore and others},
  journal={arXiv preprint arXiv:1712.01815},
  year={2017}
}

@article{copeland2005turing,
  title={Turing and the computer},
  author={Copeland, B Jack and Proudfoot, Diane},
  journal={Alan Turing's Automatic Computing Engine: The Master Codebreaker's Struggle to Build the Modern Computer, Oxford University Press, Oxford},
  pages={107--148},
  year={2005}
}

@article{turingalan,
  title={Alan Turing 1912-1954},
  author={Turing, A}
}

@misc{stockfishRepository,
  title={Stockfish {G}it{H}ub {R}epository},
  publisher={Stockfish},
  howpublished={\url{https://github.com/official-stockfish/Stockfish}},
  year={2022},
  note={Date Accessed: 22 November 2022}
}

@misc{computerChessRatingLists,
  title={Computer {C}hess {R}ating {L}ists: {N}ovember 2022},
  publisher={Computer Chess Rating Lists},
  howpublished={\url{https://computerchess.org.uk/ccrl/4040/rating_list_all.html}},
  year={2022},
  note={Date Accessed: 22 November 2022}
}

@misc{aboutStockfish,
  title={About Stockfish},
  publisher={Stockfish},
  howpublished={\url{https://stockfishchess.org/about/}},
  year={2022},
  note={Date Accessed: 22 November 2022}
}

@misc{fishtestDistributedTestingFramework,
  title={Fishtest Distributed Testing Framework},
  publisher={Stockfish},
  howpublished={\url{https://www.talkchess.com/forum3/viewtopic.php?start=0&t=47885}},
  year={2022},
  note={Date Accessed: 22 November 2022}
}

@misc{stockfishRatingsAfterFishtest,
  title={Computer {C}hess {R}ating {L}ists: {M}ay 2014},
  publisher={Computer Chess Rating Lists},
  howpublished={\url{http://archive.today/OSMBi}},
  year={2014},
  note={Date Accessed: 23 November 2022}
}}

@misc{fishtestUsers,
  title={Users | {S}tockfish {T}esting},
  publisher={Stockfish},
  howpublished={\url{https://tests.stockfishchess.org/users}},
  year={2022},
  note={Date Accessed: 23 November 2022}
}

@misc{niemannDefeatsCarlsen,
  title={{S}inquefield {C}up 3: {N}iemann beats {C}arlsen to cross 2700},
  author={McGourty, Colin},
  howpublished={\url{https://chess24.com/en/read/news/sinquefield-cup-3-niemann-beats-carlsen-to-cross-2700}},
  year={2022},
  note={Date Accessed: 23 November 2022}
}

@misc{niemannCheatingAllegations,
  title={{C}hess {I}s in {C}haos {O}ver {S}uspicion {T}hat a {P}layer {C}heated {A}gainst {M}agnus {C}arlsen},
  author={Beaton, Andrew and Robinson, Joshua},
  howpublished={\url{https://www.wsj.com/articles/magnus-carlsen-hans-niemann-chess-cheating-scandal-11662644458}},
  year={2022},
  note={Date Accessed: 23 November 2022}
}

@misc{niemannCheatingAllegations2,
  title={When chess is hard and cheating is easy, the next move is complicated},
  author={Jenkins, Sally},
  howpublished={\url{https://www.washingtonpost.com/sports/2022/09/27/magnus-carlsen-hans-niemann-chess-cheating-controversy}},
  year={2022},
  note={Date Accessed: 23 November 2022}
}

@misc{niemannCheatingChessComReport,
  title={Chess {I}nvestigation {F}inds {T}hat {U.S} {G}randmaster '{L}'ikely {C}heated' {M}ore {T}han 100 {T}imes},
  author={Beaton, Andrew and Robinson, Joshua},
  howpublished={\url{https://www.wsj.com/articles/chess-cheating-hans-niemann-report-magnus-carlsen-11664911524}},
  year={2022},
  note={Date Accessed: 23 November 2022}
}

@misc{niemannCheatingReganReport,
  title={A {C}heating {S}candal {H}as {R}ocked the {C}hess {W}orld. {T}he '{C}hess {D}etective' {I}s on the {C}ase},
  author={Beam, Chris},
  howpublished={\url{https://time.com/6227677/magnus-carlsen-hans-niemann-kenneth-regan-chess-scandal/}},
  year={2022},
  note={Date Accessed: 23 November 2022}
}

@misc{niemannCheatingDefamationLawsuit,
  title={Hans {N}iemann {F}iles \$100 {M}illion {L}awsuit {A}gainst {M}agnus {C}arlsen, {C}hess.com {O}ver {C}heating {A}llegations},
  author={Beaton, Andrew and Robinson, Joshua},
  howpublished={\url{https://www.wsj.com/articles/chess-cheating-hans-niemann-magnus-carlsen-lawsuit-11666291319}},
  year={2022},
  note={Date Accessed: 23 November 2022}
}

@misc{lichessBlitzRatingDistribution,
  title={Weekly {B}litz {R}ating {D}istribution -- {L}ichess},
  publisher={Lichess},
  howpublished={\url{https://lichess.org/stat/rating/distribution/blitz}},
  year={2022},
  note={Date Accessed: 24 November 2022}
}