@misc{chessRatingSystems,
  title        = {Chess rating systems},
  author       = {Lichess},
  howpublished = {\url{https://lichess.org/page/rating-systems}},
  note         = {Date Accessed: 1 March 2023}
}

@misc{DeloitteFIDEChessRatingChallenge,
  title        = {Deloitte/FIDE {C}hess {R}ating {C}hallenge},
  author       = {FIDE},
  howpublished = {\url{https://www.kaggle.com/competitions/ChessRatings2/overview}},
  month        = {May},
  year         = {2011},
  note         = {Date Accessed: 1 March 2023}
}