@article{berliner1978chronology,
  title={A chronology of computer chess and its literature},
  author={Berliner, Hans J},
  journal={Artificial Intelligence},
  volume={10},
  number={2},
  pages={201--214},
  year={1978},
  publisher={Elsevier}
}

@article{strogatz2018one,
  title={One giant step for a chess-playing machine},
  author={Strogatz, Steven},
  journal={New York Times},
  pages={1--6},
  year={2018}
}

@article{bagadia2014analyzing,
  title={Analyzing Positional Play in Chess using Machine Learning},
  author={Bagadia, Sameep and Jindal, Pranav and Mundra, Rohit},
  year={2014}
}

@article{muller2002computer,
  title={Computer go},
  author={M{\"u}ller, Martin},
  journal={Artificial Intelligence},
  volume={134},
  number={1-2},
  pages={145--179},
  year={2002},
  publisher={Elsevier}
}

@article{beheim2014strategic,
  title={Strategic social learning and the population dynamics of human behavior: The game of Go},
  author={Beheim, Bret Alexander and Thigpen, Calvin and Mcelreath, Richard},
  journal={Evolution and Human Behavior},
  volume={35},
  number={5},
  pages={351--357},
  year={2014},
  publisher={Elsevier}
}

@misc{chessOpeningStats,
  title={Games played per day on lichess},
  author={Paul556},
  howpublished={\url{https://github.com/Paul566/chessOpeningStats}},
  year={2022},
  note={Date Accessed: 15 November 2022}
}

@mastersthesis{lowie2021big,
  title={How big is the Netflix effect? The Queen's Gambit: The influence of Beth on the increase in chess numbers},
  author={Lowie, Floor Lowie},
  year={2021}
}

@article{seirawan1997implications,
  title={The implications of kasparov vs. deep blue},
  author={Seirawan, Yasser and Simon, Herbert A and Munakata, Toshinori},
  journal={Communications of the ACM},
  volume={40},
  number={8},
  pages={21--25},
  year={1997},
  publisher={ACM New York, NY, USA}
}

@misc{earlyComputerChessHistory,
    title={It calculates 1 billion chess moves every second, but it's still not as bright as you
},
    publisher={The Independent},
    howpublished={\url{https://www.independent.co.uk/news/uk/it-calculates-1-billion-chess-moves-every-second-but-it-s-still-not-as-bright-as-you-1318781.html}},
    year={1996},
    note={Date Accessed: 22 November 2022}
}

@article{shannon1950xxii,
  title={XXII. Programming a computer for playing chess},
  author={Shannon, Claude E},
  journal={The London, Edinburgh, and Dublin Philosophical Magazine and Journal of Science},
  volume={41},
  number={314},
  pages={256--275},
  year={1950},
  publisher={Taylor \& Francis}
}